<record><leader>00000cas a22000007a 4500</leader><controlfield tag="001">24707693</controlfield><controlfield tag="008">911107d1uuu192unyuwr ne      0    0eng d</controlfield><datafield ind1=" " ind2=" " tag="010"><subfield code="a">sn 91067014 </subfield></datafield><datafield ind1=" " ind2=" " tag="040"><subfield code="a">NYS</subfield><subfield code="b">eng</subfield><subfield code="c">NYS</subfield><subfield code="d">OCLCQ</subfield></datafield><datafield ind1=" " ind2=" " tag="042"><subfield code="a">msc</subfield></datafield><datafield ind1="0" ind2="4" tag="245"><subfield code="a">The Rockland news.</subfield></datafield><datafield ind1=" " ind2=" " tag="260"><subfield code="a">Nyack, N.Y. :</subfield><subfield code="b">Rockland Print. Co.</subfield></datafield><datafield ind1=" " ind2=" " tag="300"><subfield code="a">v.</subfield></datafield><datafield ind1=" " ind2=" " tag="310"><subfield code="a">Weekly</subfield></datafield><datafield ind1=" " ind2=" " tag="588"><subfield code="a">Description based on: Vol. 30, no. 26 (May 7, 1920).</subfield></datafield><datafield ind1=" " ind2=" " tag="588"><subfield code="a">Latest issue consulted: Dec. 30, 1921.</subfield></datafield><datafield ind1=" " ind2="4" tag="651"><subfield code="a">Nyack (N.Y.)</subfield><subfield code="v">Newspapers.</subfield></datafield><datafield ind1=" " ind2=" " tag="752"><subfield code="a">United States</subfield><subfield code="b">New York</subfield><subfield code="c">Rockland</subfield><subfield code="d">Nyack.</subfield></datafield><datafield ind1="0" ind2="0" tag="785"><subfield code="t">Nyack daily news</subfield></datafield><datafield ind1="1" ind2=" " tag="029"><subfield code="a">AU@</subfield><subfield code="b">000025857288</subfield></datafield></record>